<record><leader>00000cas a2200000 a 4500</leader><controlfield tag="001">34012428</controlfield><controlfield tag="008">960110c19149999miudn ne      0    0eng c</controlfield><datafield ind1=" " ind2=" " tag="010"><subfield code="a">sn 95077630 </subfield></datafield><datafield ind1=" " ind2=" " tag="040"><subfield code="a">MHN</subfield><subfield code="b">eng</subfield><subfield code="c">MHN</subfield><subfield code="d">OCL</subfield><subfield code="d">MHN</subfield><subfield code="d">OCLCQ</subfield><subfield code="d">OCLCF</subfield><subfield code="d">OCLCO</subfield></datafield><datafield ind1="1" ind2=" " tag="029"><subfield code="a">AU@</subfield><subfield code="b">000012146923</subfield></datafield><datafield ind1="1" ind2=" " tag="029"><subfield code="a">NZ1</subfield><subfield code="b">16075671</subfield></datafield><datafield ind1=" " ind2=" " tag="042"><subfield code="a">pcc</subfield></datafield><datafield ind1=" " ind2=" " tag="043"><subfield code="a">n-us-mi</subfield></datafield><datafield ind1="0" ind2="4" tag="245"><subfield code="a">The Alpena news.</subfield></datafield><datafield ind1="1" ind2="3" tag="246"><subfield code="a">Alpena news and the Alpena daily echo</subfield></datafield><datafield ind1=" " ind2=" " tag="260"><subfield code="a">Alpena, Mich. :</subfield><subfield code="b">Alpena News Pub. Co.</subfield></datafield><datafield ind1=" " ind2=" " tag="300"><subfield code="a">v.</subfield></datafield><datafield ind1=" " ind2=" " tag="310"><subfield code="a">Daily (except Sun.)</subfield></datafield><datafield ind1="0" ind2=" " tag="362"><subfield code="a">Vol. 16, no. 130 (Dec. 31, 1914)-</subfield></datafield><datafield ind1=" " ind2=" " tag="500"><subfield code="a">Published as Alpena news and the Alpena daily echo, Oct. 24, 1917.</subfield></datafield><datafield ind1=" " ind2=" " tag="500"><subfield code="a">Issue called: Centennial ed., June 30, 1959.</subfield></datafield><datafield ind1=" " ind2=" " tag="500"><subfield code="a">Issues called: Heritage ed., July 2, 1976; Sesquicentennial ed., July 2, 1987.</subfield></datafield><datafield ind1=" " ind2="0" tag="651"><subfield code="a">Alpena (Mich.)</subfield><subfield code="v">Newspapers.</subfield></datafield><datafield ind1=" " ind2="0" tag="651"><subfield code="a">Posen (Mich.)</subfield><subfield code="v">Newspapers.</subfield></datafield><datafield ind1=" " ind2="0" tag="651"><subfield code="a">Alpena County (Mich.)</subfield><subfield code="v">Newspapers.</subfield></datafield><datafield ind1=" " ind2="7" tag="655"><subfield code="a">Newspapers.</subfield><subfield code="2">fast</subfield><subfield code="0">(OCoLC)fst01423814</subfield></datafield><datafield ind1=" " ind2="7" tag="651"><subfield code="a">Michigan</subfield><subfield code="z">Alpena.</subfield><subfield code="2">fast</subfield><subfield code="0">(OCoLC)fst01217114</subfield></datafield><datafield ind1=" " ind2="7" tag="651"><subfield code="a">Michigan</subfield><subfield code="z">Alpena County.</subfield><subfield code="2">fast</subfield><subfield code="0">(OCoLC)fst01224418</subfield></datafield><datafield ind1=" " ind2="7" tag="651"><subfield code="a">Michigan</subfield><subfield code="z">Posen.</subfield><subfield code="2">fast</subfield><subfield code="0">(OCoLC)fst01258668</subfield></datafield><datafield ind1=" " ind2=" " tag="752"><subfield code="a">United States</subfield><subfield code="b">Michigan</subfield><subfield code="c">Alpena</subfield><subfield code="d">Alpena.</subfield></datafield><datafield ind1="0" ind2="0" tag="780"><subfield code="t">Alpena evening news</subfield><subfield code="w">(DLC)sn 95077629</subfield><subfield code="w">(OCoLC)34012388</subfield></datafield></record>